@inproceedings{1998-Emmerik-ASWEC,
 author    = {Maarten Van Emmerik},
 title     = {Identifying Library Functions in Executable Files Using Patterns},
 booktitle = {Australian Software Engineering Conference (ASWEC '98)},
 year      = {1998},
 pages     = {90--97},
 ee        = {http://csdl.computer.org/dl/proceedings/aswec/1998/9187/00/91870090.pdf},
 crossref  = {1998-ASWEC},
 bibsource = {DBLP, http://dblp.uni-trier.de}
}

@proceedings{1998-ASWEC,
 title     = {1998 Australian Software Engineering Conference (ASWEC '98), 9--13 November 1998},
 booktitle = {Australian Software Engineering Conference (ASWEC '98)},
 publisher = {IEEE Computer Society},
 location  = {Adelaide, Australia},
 year      = {1998},
 isbn      = {0-8186-9187-5},
 bibsource = {DBLP, http://dblp.uni-trier.de}
}

@inproceedings{1999-Mycroft-ESOP,
 author    = {Alan Mycroft},
 title     = {Type-Based Decompilation (or Program Reconstruction via Type Reconstruction)},
 booktitle = {European Symposium on Programming (ESOP '99)},
 year      = {1999},
 pages     = {208--223},
 ee        = {http://dx.doi.org/10.1007/3-540-49099-X_14},
 crossref  = {1999-ESOP},
 bibsource = {DBLP, http://dblp.uni-trier.de}
}

@proceedings{1999-ESOP,
 editor    = {S. Doaitse Swierstra},
 title     = {Programming Languages and Systems, 8th European Symposium on Programming, ESOP'99, Held as Part of the
              European Joint Conferences on the Theory and Practice of Software, ETAPS'99, 22--28 March, 1999},
 booktitle = {European Symposium on Programming (ESOP '99)},
 publisher = {Springer},
 location  = {Amsterdam, The Netherlands},
 series    = {Lecture Notes in Computer Science},
 volume    = {1576},
 year      = {1999},
 isbn      = {3-540-65699-5},
 bibsource = {DBLP, http://dblp.uni-trier.de}
}

@inproceedings{2009-Smith-IWSC,
 author    = {Randy Smith and Susan Horwitz},
 title     = {Detecting and Measuring Similarity in Code Clones},
 booktitle = {International Workshop on Software Clones (IWSC 2009)},
 year      = {2009},
 pages     = {28--34},
 crossref  = {2009-IWSC}
}

@proceedings{2009-IWSC,
 title     = {3rd International Workshop on Software Clones, IWSC 2009, Held as Part of 13th European Conference on
              Software Maintenance and Reengineering, CSMR 2009, 24--27 March 2009},
 booktitle = {International Workshop on Software Clones (IWSC 2009)},
 location  = {Kaiserslautern, Germany},
 series    = {Computer},
 year      = {2009}
}

@inproceedings{2009-Saebjoernsen-ISSTA,
 author    = {Andreas S{\ae}bj{\oe}rnsen and Jeremiah Willcock and Thomas Panas and Daniel J. Quinlan and Zhendong Su},
 title     = {Detecting Code Clones in Binary Executables},
 booktitle = {International Symposium on Software Testing and Analysis (ISSTA 2009)},
 year      = {2009},
 pages     = {117--128},
 ee        = {http://doi.acm.org/10.1145/1572272.1572287},
 crossref  = {2009-ISSTA},
 bibsource = {DBLP, http://dblp.uni-trier.de}
}

@proceedings{2009-ISSTA,
 editor    = {Gregg Rothermel and Laura K. Dillon},
 title     = {Proceedings of the Eighteenth International Symposium on Software Testing and Analysis, ISSTA 2009,
              19--23 July, 2009},
 booktitle = {International Symposium on Software Testing and Analysis (ISSTA 2009)},
 publisher = {ACM},
 location  = {Chicago, IL, USA},
 year      = {2009},
 isbn      = {978-1-60558-338-9},
 bibsource = {DBLP, http://dblp.uni-trier.de}
}

@article{2009-Roy,
 author    = {Chanchal Kumar Roy and James R. Cordy and Rainer Koschke},
 title     = {Comparison and Evaluation of Code Clone Detection Techniques and Tools: A Qualitative Approach},
 journal   = {Science of Computer Programming},
 volume    = {74},
 number    = {7},
 year      = {2009},
 pages     = {470-495},
 ee        = {http://dx.doi.org/10.1016/j.scico.2009.02.007},
 bibsource = {DBLP, http://dblp.uni-trier.de}
}
